@inproceedings{Rastegari2013,
   author = {Mohammad Rastegari and Ali Diba and Devi Parikh and Ali Farhadi},
   title = {Multi-Attribute Queries: To Merge or Not to Merge?},
   booktitle = {CVPR},
   year = {2013}
}

@article{Gupta2009,
   author = {A. Gupta and A. Kembhavi and L. Davis},
   title = {Observing human-object interactions: Using spatial and functional compatibility for recognition},
   journal = {PAMI},
   year = {2009}
}

@inproceedings{Gupta2008,
   author = {A. Gupta and L. S. Davis},
   title = {Beyond nouns: Exploiting prepositions and comparative adjectives for learning visual classifiers},
   booktitle = {ECCV},
   year = {2008}
}


@inproceedings{Lan2013,
   author = {Tian Lan and Michalis Raptis and Leonid Sigal and Greg Mori},
   title = {From Subcategories to Visual Composites: A Multi-Level Framework for Object Detection},
   booktitle = {ICCV},
   year = {2013}
}

@inproceedings{Choi2010,
   author = {M. J. Choi and J. J. Lim and A. Torralba and A. S. Willsky},
   title = {Exploiting hierarchical context on a large database of object categories},
   booktitle = {CVPR},
   year = {2010}
}

@inproceedings{Desai2012,
   author = {C. Desai and D. Ramanan},
   title = {Recognizing actions, poses, and objects with relational phraselets},
   booktitle = {ECCV},
   year = {2012}
}

@inproceedings{Li2012,
   author = {C. Li and D. Parikh and T. Chen},
   title = {Automatic discovery of groups of objects for scene understanding},
   booktitle = {CVPR},
   year = {2012}
}

@inproceedings{Sadeghi2011,
   author = {M. A. Sadeghi and A. Farhadi},
   title = {Recognition using visual phrases},
   booktitle = {CVPR},
   year = {2011}
}

@inproceedings{Yao2010,
   author = {B. Yao and L. Fei-Fei},
   title = {Modeling mutual context of object and human pose in human-object interaction activities},
   booktitle = {CVPR},
   year = {2010}
}

@inproceedings{Johnson2015,
   author = {Justin Johnson and Ranjay Krishna and Michael Stark and Li-Jia Li and David A. Shamma and Michael S. Bernstein and Li Fei-Fei},
   title = {Image Retrieval using Scene Graphs},
   booktitle = {CVPR},
   year = {2015}
}

@inproceedings{Chai2013,
   author = {W. Choi and Y.-W. Chao and C. Pantofaru and S. Savarese},
   title = {Understanding indoor scenes using 3d geometric phrases},
   booktitle = {CVPR},
   year = {2013}
}

@inproceedings{Mensink2014,
   author = {T. Mensink and E. Gavves and C. G. Snoek},
   title = {Costa: Cooccurrence statistics for zero-shot classification},
   booktitle = {CVPR},
   year = {2014}
}

@article{Gupta2009,
   author = {C. Desai and D. Ramanan and C. C. Fowlkes},
   title = {Discriminative models for multi-class object layout},
   journal = {IJCV},
   volume = {95},
   number = {1},
   pages = {1--12},
   year = {2011}
}

@inproceedings{Farhadi2009,
   author = {A. Farhadi and I. Endres and D. Hoiem and D. Forsyth},
   title = {Describing objects by their attributes},
   booktitle = {CVPR},
   year = {2009}
}

@inproceedings{Farhadi2010,
   author = {A. Farhadi and I. Endres and D. Hoiem},
   title = {Attribute-centric recognition for cross-category generalization},
   booktitle = {CVPR},
   year = {2010}
}

@article{Lampert2013,
   author = {C. Lampert and H. Nickisch and S. Harmeling},
   title = {Attribute-based classification for zero-shot learning of object categories},
   journal = {PAMI},
   year = {2013}
}

@inproceedings{Sadeghi2015,
   author = {Fereshteh Sadeghi and Santosh K Divvala and Ali Farhadi},
   title = {VisKE: Visual Knowledge Extraction and Question Answering by Visual Verification of Relation Phrases},
   booktitle = {CVPR},
   year = {2015}
}

@article{Felzenszwalb2010,
   author = {Pedro F. Felzenszwalb and Ross B. Girshick and David McAllester and Deva Ramanan},
   title = {Object detection with discriminatively trained part based models},
   journal = {PAMI},
   year = {2010}
}

@inproceedings{Izadinia2014,
   author = {H. Izadinia and F. Sadeghi and A. Farhadi},
   title = {Incorporating scene context and object layout into appearance modeling},
   booktitle = {CVPR},
   year = {2014}
}

@inproceedings{Malisiewicz2009,
   author = {T. Malisiewicz and A. A. Efros},
   title = {Beyond categories: The visual memex model for reasoning about object relationships},
   booktitle = {NIPS},
   year = {2009}
}

@inproceedings{Chen2013,
   author = {X. Chen and A. Shrivastava and A. Gupta},
   title = {NEIL: Extracting visual knowledge from web data},
   booktitle = {ICCV},
   year = {2013}
}

@inproceedings{Zhu2014,
   author = {Y. Zhu and A. Fathi and L. Fei-Fei},
   title = {Reasoning about object affordances in a knowledge base representation},
   booktitle = {ECCV},
   year = {2014}
}

@article{Zitnick2014,
   author = {C. Zitnick and R. Vedantam and D. Parikh},
   title = {Adopting abstract images for semantic scene understanding},
   journal = {PAMI},
   year = {2014}
}

@inproceedings{Matikainen2012,
   author = {Pyry K. Matikainen and Rahul Sukthankar and Martial Hebert},
   title = {Model Recommendation for Action Recognition},
   booktitle = {CVPR},
   year = {2012}
}

@inproceedings{Wang2015,
   author = {Yu-Xiong Wang and Martial Hebert},
   title = {Model Recommendation: Generating Object Detectors From Few Samples},
   booktitle = {CVPR},
   year = {2015}
}

@inproceedings{Yao2012,
   author = {J. Yao and S. Fidler and R. Urtasun},
   title = {Describing the Scene as a Whole: Joint Object Detection, Scene Classification and Semantic Segmentation},
   booktitle = {CVPR},
   year = {2012}
}

@article{Siskind1995,
   author = {Jeffrey Mark Siskind},
   title = {Grounding Language in Perception},
   journal = {Artificial Intelligence Review},
   volume = {8},
   pages = {371--391},
   year = {1995}
}


@article{Felzenszwalb2010,
   author = {P. Felzenszwalb and R. Girshick and D. McAllester and D. Ramanan},
   title = {Object Detection with Discriminatively Trained Part Based Models},
   journal = {PAMI},
   volume = {32},
   number = {9},
   pages = {371--391},
   year = {2010}
}

@inproceedings{Szegedy2013,
   author = {C. Szegedy and A. Toshev and D. Erhan},
   title = {Deep neural networks for object detection},
   booktitle = {NIPS},
   year = {2013}
}

@article{Uijlings2013,
   author = {J. R. R. Uijlings and K. E. A. Sande and T. Gevers and A. W. M. Smeulders},
   title = {Selective search for object recognition},
   journal = {IJCV},
   volume = {104},
   number = {2},
   pages = {154--171},
   year = {2013}
}

@inproceedings{Girshick2014,
   author = {R. Girshick and J. Donahue and T. Darrell and J. Malik},
   title = {Rich Feature Hierarchies for Accurate Object Detection and Semantic Segmentation},
   booktitle = {CVPR},
   year = {2014}
}

@inproceedings{Dalal2005,
   author = {N. Dalal and B. Triggs},
   title = {Histograms of oriented gradients for human detection},
   booktitle = {CVPR},
   year = {2005}
}

@inproceedings{girshick15fastrcnn,
  Author = {Ross Girshick},
  Title = {Fast {R-CNN}},
  Booktitle = {ICCV},
  Year = {2015}
}

@inproceedings{Desai2010,
   author = {C. F. C. Desai and D. Ramanan},
   title = {Discriminative models for multi-class object layout},
   booktitle = {ICCV},
   year = {2010}
}

@inproceedings{Yang2011,
   author = {Y. Yang and D. Ramanan},
   title = {Articulated Pose Estimation using Flexible Mixtures of Parts},
   booktitle = {CVPR},
   year = {2011}
}	

@inproceedings{Hoiem2006,
   author = {D. Hoiem and A.A. Efros and M. Hebert},
   title = {Putting Objects in Perspective},
   booktitle = {CVPR},
   year = {2006}
}	

@article{patterson2014sun,
   author={Patterson, Genevieve and Xu, Chen and Su, Hang and Hays, James},
   title={The SUN Attribute Database: Beyond Categories for Deeper Scene Understanding},
   journal={IJCV},
   volume={108},
   number={1-2},
   pages={59--81},
   year={2014}
} 
  
@incollection{NIPS2014_5349,
title = {Learning Deep Features for Scene Recognition using Places Database},
author = {Zhou, Bolei and Lapedriza, Agata and Xiao, Jianxiong and Torralba, Antonio and Oliva, Aude},
booktitle = {Advances in Neural Information Processing Systems 27},
pages = {487--495},
year = {2014}
}

@inproceedings{Platt99probabilisticoutputs,
    author = {John C. Platt},
    title = {Probabilistic Outputs for Support Vector Machines and Comparisons to Regularized Likelihood Methods},
    booktitle = {ADVANCES IN LARGE MARGIN CLASSIFIERS},
    year = {1999},
    pages = {61--74}
}
  